<?xml version="1.0" encoding="UTF-8"?>
<collection xmlns="http://www.loc.gov/MARC21/slim">
 <record>
  <leader>03192cam a2200517Ia 4500</leader>
  <controlfield tag="001">8355361</controlfield>
  <controlfield tag="005">20120807121700.0</controlfield>
  <controlfield tag="006">m        d        </controlfield>
  <controlfield tag="007">cr mn|||||||||</controlfield>
  <controlfield tag="008">081210s2008    ilua    o     000 0 eng d</controlfield>
  <datafield tag="035" ind1=" " ind2=" ">
   <subfield code="a">(OCoLC)277841378</subfield>
  </datafield>
  <datafield tag="035" ind1=" " ind2=" ">
   <subfield code="a">8355361</subfield>
  </datafield>
  <datafield tag="040" ind1=" " ind2=" ">
   <subfield code="a">COO</subfield>
   <subfield code="c">COO</subfield>
   <subfield code="d">WAU</subfield>
   <subfield code="d">CGU</subfield>
  </datafield>
  <datafield tag="043" ind1=" " ind2=" ">
   <subfield code="a">a-iq---</subfield>
  </datafield>
  <datafield tag="049" ind1=" " ind2=" ">
   <subfield code="a">CGUA</subfield>
  </datafield>
  <datafield tag="050" ind1=" " ind2="4">
   <subfield code="a">DS79.76</subfield>
   <subfield code="b">.C38 2008a</subfield>
  </datafield>
  <datafield tag="245" ind1="0" ind2="0">
   <subfield code="a">Catastrophe!</subfield>
   <subfield code="h">[electronic resource] :</subfield>
   <subfield code="b">the looting and destruction of Iraq's past /</subfield>
   <subfield code="c">edited by Geoff Emberling &amp; Katharyn Hanson ; with contributions by McGuire Gibson ... [et al.].</subfield>
  </datafield>
  <datafield tag="246" ind1="3" ind2="0">
   <subfield code="a">Looting and destruction of Iraq's past</subfield>
  </datafield>
  <datafield tag="260" ind1=" " ind2=" ">
   <subfield code="a">Chicago, Ill. :</subfield>
   <subfield code="b">Oriental Institute Museum of the University of Chicago,</subfield>
   <subfield code="c">2008.</subfield>
  </datafield>
  <datafield tag="300" ind1=" " ind2=" ">
   <subfield code="a">1 online resource (87 p.) :</subfield>
   <subfield code="b">ill. ;</subfield>
   <subfield code="c">30 cm.</subfield>
  </datafield>
  <datafield tag="490" ind1="1" ind2=" ">
   <subfield code="a">Oriental Institute Museum publications ;</subfield>
   <subfield code="v">no. 28</subfield>
  </datafield>
  <datafield tag="500" ind1=" " ind2=" ">
   <subfield code="a">Title from PDF title page (Oriental Institute, viewed on Oct. 23, 2010).</subfield>
  </datafield>
  <datafield tag="500" ind1=" " ind2=" ">
   <subfield code="a">Published in conjunction with an exhibition at the Oriental Institute Museum.</subfield>
  </datafield>
  <datafield tag="505" ind1="0" ind2="0">
   <subfield code="t">The looting of the Iraq Museum in context /</subfield>
   <subfield code="r">McGuire Gibson --</subfield>
   <subfield code="t">Efforts to protect archaeological sites and monuments in Iraq, 2003-2004 /</subfield>
   <subfield code="r">John M. Russell --</subfield>
   <subfield code="t">Why does archaeological context matter? /</subfield>
   <subfield code="r">Katharyn Hanson --</subfield>
   <subfield code="t">Cataloging the losses : the Oriental Institute's Iraq Museum database project /</subfield>
   <subfield code="r">Clemens Reichel --</subfield>
   <subfield code="t">Archaeological site looting : the destruction of cultural heritage in southern Iraq /</subfield>
   <subfield code="r">Elizabeth C. Stone --</subfield>
   <subfield code="t">Legal aspects of controlling the international market in looted antiquities : the paradigm of Iraq /</subfield>
   <subfield code="r">Patty Gerstenblith.</subfield>
  </datafield>
  <datafield tag="650" ind1=" " ind2="0">
   <subfield code="a">Iraq War, 2003-2011-</subfield>
   <subfield code="x">Destruction and pillage</subfield>
   <subfield code="v">Exhibitions.</subfield>
  </datafield>
  <datafield tag="650" ind1=" " ind2="0">
   <subfield code="a">Archaeological thefts</subfield>
   <subfield code="z">Iraq</subfield>
   <subfield code="v">Exhibitions.</subfield>
  </datafield>
  <datafield tag="650" ind1=" " ind2="0">
   <subfield code="a">Cultural property</subfield>
   <subfield code="x">Protection</subfield>
   <subfield code="z">Iraq</subfield>
   <subfield code="v">Exhibitions.</subfield>
  </datafield>
  <datafield tag="651" ind1=" " ind2="0">
   <subfield code="a">Iraq</subfield>
   <subfield code="x">Antiquities</subfield>
   <subfield code="v">Exhibitions.</subfield>
  </datafield>
  <datafield tag="611" ind1="2" ind2="7">
   <subfield code="a">Iraq War (2003-2011)</subfield>
   <subfield code="2">fast</subfield>
   <subfield code="0">http://id.worldcat.org/fast/fst01802311</subfield>
  </datafield>
  <datafield tag="650" ind1=" " ind2="7">
   <subfield code="a">Antiquities.</subfield>
   <subfield code="2">fast</subfield>
   <subfield code="0">http://id.worldcat.org/fast/fst00810745</subfield>
  </datafield>
  <datafield tag="650" ind1=" " ind2="7">
   <subfield code="a">Archaeological thefts.</subfield>
   <subfield code="2">fast</subfield>
   <subfield code="0">http://id.worldcat.org/fast/fst00812926</subfield>
  </datafield>
  <datafield tag="650" ind1=" " ind2="7">
   <subfield code="a">Cultural property</subfield>
   <subfield code="x">Protection.</subfield>
   <subfield code="2">fast</subfield>
   <subfield code="0">http://id.worldcat.org/fast/fst00885019</subfield>
  </datafield>
  <datafield tag="650" ind1=" " ind2="7">
   <subfield code="a">Destruction and pillage.</subfield>
   <subfield code="2">fast</subfield>
   <subfield code="0">http://id.worldcat.org/fast/fst01906941</subfield>
  </datafield>
  <datafield tag="651" ind1=" " ind2="7">
   <subfield code="a">Iraq.</subfield>
   <subfield code="2">fast</subfield>
   <subfield code="0">http://id.worldcat.org/fast/fst01205757</subfield>
  </datafield>
  <datafield tag="648" ind1=" " ind2="7">
   <subfield code="a">2003-2011</subfield>
   <subfield code="2">fast</subfield>
  </datafield>
  <datafield tag="655" ind1=" " ind2="7">
   <subfield code="a">Exhibition catalogs.</subfield>
   <subfield code="2">fast</subfield>
   <subfield code="0">http://id.worldcat.org/fast/fst01424028</subfield>
  </datafield>
  <datafield tag="700" ind1="1" ind2=" ">
   <subfield code="a">Emberling, Geoff.</subfield>
  </datafield>
  <datafield tag="700" ind1="1" ind2=" ">
   <subfield code="a">Hanson, Katharyn.</subfield>
  </datafield>
  <datafield tag="700" ind1="1" ind2=" ">
   <subfield code="a">Gibson, McGuire.</subfield>
  </datafield>
  <datafield tag="710" ind1="2" ind2=" ">
   <subfield code="a">University of Chicago.</subfield>
   <subfield code="b">Oriental Institute.</subfield>
   <subfield code="b">Museum.</subfield>
  </datafield>
  <datafield tag="776" ind1="0" ind2="8">
   <subfield code="i">Print version:</subfield>
   <subfield code="t">Catastrophe!</subfield>
   <subfield code="d">Chicago : Oriental Institute Museum of the University of Chicago, 2008</subfield>
   <subfield code="z">1885923562</subfield>
   <subfield code="w">(OCoLC)224897577</subfield>
   <subfield code="w">(ICU)7297710</subfield>
  </datafield>
  <datafield tag="830" ind1=" " ind2="0">
   <subfield code="a">Oriental Institute Museum publications ;</subfield>
   <subfield code="v">no. 28.</subfield>
  </datafield>
  <datafield tag="856" ind1="4" ind2="0">
   <subfield code="u">http://oi.uchicago.edu/research/pubs/catalog/oimp/oimp28.html</subfield>
  </datafield>
  <datafield tag="856" ind1="4" ind2="0">
   <subfield code="u">http://oi.uchicago.edu/pdf/oimp28.pdf</subfield>
  </datafield>
  <datafield tag="928" ind1=" " ind2=" ">
   <subfield code="u">http://oi.uchicago.edu/research/pubs/catalog/oimp/oimp28.html</subfield>
   <subfield code="c">FullText</subfield>
   <subfield code="l">Online</subfield>
   <subfield code="t">LCC</subfield>
   <subfield code="a">DS79.76.C38 2008</subfield>
  </datafield>
  <datafield tag="928" ind1=" " ind2=" ">
   <subfield code="u">http://oi.uchicago.edu/pdf/oimp28.pdf</subfield>
   <subfield code="c">FullText</subfield>
   <subfield code="l">Online</subfield>
   <subfield code="t">LCC</subfield>
   <subfield code="a">DS79.76.C38 2008</subfield>
  </datafield>
 </record>
</collection>
